@article{luo2008efficient,
  title={An efficient 3D Timoshenko beam element with consistent shape functions},
  author={Luo, Yunhua},
  journal={Adv. Theor. Appl. Mech},
  volume={1},
  number={3},
  pages={95--106},
  year={2008}
}

@book{cook2007concepts,
	title={Concepts and applications of finite element analysis},
	author={Cook, Robert D and others},
	year={2007},
	publisher={John Wiley \& Sons}
}

@article{dong2010much,
	title={Much ado about shear correction factors in Timoshenko beam theory},
	author={Dong, Stanley B and Alpdogan, Can and Taciroglu, Ertugrul},
	journal={International Journal of Solids and Structures},
	volume={47},
	number={13},
	pages={1651--1665},
	year={2010},
	publisher={Elsevier}
}

@article{dixit2007finite,
	title={Finite element method: an introduction},
	author={Dixit, Uday S},
	journal={Indian Institute of Technology Guwahati-781},
	volume={39},
	year={2007}
}

@article{chessa2002programing,
	title={Programing the finite element method with matlab},
	author={Chessa, Jack},
	journal={Northwestern University},
	volume={20},
	number={02},
	year={2002}
}
@article{matas2014study,
	title={Study of optimization for vibration absorbing devices applied on airplane structural elements},
	author={Matas Hidalgo, Edgar},
	year={2014},
	publisher={Universitat Polit{\`e}cnica de Catalunya}
}