@book{gottstein2013physical,
  title={Physical foundations of materials science},
  author={Gottstein, G{\"u}nter},
  year={2013},
  publisher={Springer Science \& Business Media}
}

@book{guille,
    title={Metalurgia física 30.24},
    author={Anteri, Guillermo Orlando},
    year={2019},
    publisher={Instituto Tecnológico de Buenos Aires}
}