@article{doyle1978guaranteed,
  title={Guaranteed margins for LQG regulators},
  journal={IEEE Transactions on automatic Control},
  author={Doyle, John C},
  volume={23},
  number={4},
  pages={756--757},
  year={1978},
  publisher={IEEE}
}

@article{formentin2014insight,
  title={An insight into noise covariance estimation for Kalman filter design},
  author={Formentin, Simone and Bittanti, Sergio},
  journal={IFAC Proceedings Volumes},
  volume={47},
  number={3},
  pages={2358--2363},
  year={2014},
  publisher={Elsevier}
}
