@article{luo2008efficient,
  title={An efficient 3D Timoshenko beam element with consistent shape functions},
  author={Luo, Yunhua},
  journal={Adv. Theor. Appl. Mech},
  volume={1},
  number={3},
  pages={95--106},
  year={2008}
}

@book{cook2007concepts,
	title={Concepts and applications of finite element analysis},
	author={Cook, Robert D and others},
	year={2007},
	publisher={John Wiley \& Sons}
}

@article{dong2010much,
	title={Much ado about shear correction factors in Timoshenko beam theory},
	author={Dong, Stanley B and Alpdogan, Can and Taciroglu, Ertugrul},
	journal={International Journal of Solids and Structures},
	volume={47},
	number={13},
	pages={1651--1665},
	year={2010},
	publisher={Elsevier}
}