@book{vieytes2018filminas,
  title={Transferecia de Calor. 31.37},
  author={Vieytes, Robert E},
  year={2018},
  publisher={ITBA},
}
@book{kreith2011principles,
  title={Principles of heat transfer},
  author={Kreith, Frank and Manglik, Raj M and Bohn, Mark S},
  year={2011},
  publisher={Cengage learning}
}

@book{durst2008fluid,
  title={Fluid mechanics: an introduction to the theory of fluid flows},
  author={Durst, Franz},
  year={2008},
  publisher={Springer Science \& Business Media}
}

@book{bird2002transport,
  title={Transport Phenomena},
  edition={Second},
  author={Bird, RB and Stewart, Warren E and Lightfoot, Edwin N},
  year={2002},
  publisher={J. Wiley}
}

@misc{ddcampayo_2019_3381873,
	author       = {ddcampayo and
	skrdaniel},
	title        = {ddcampayo/Fluid_Mechanics 0.1},
	month        = aug,
	year         = 2019,
	doi          = {10.5281/zenodo.3381873},
	url          = {https://doi.org/10.5281/zenodo.3381873}
}