@book{book:TurboDick,
   title =     {Fundamentals of Turbomachines},
   author =    {Erik Dick},
   publisher = {Springer},
   isbn =      {},
   year =      {2015},
   series =    {Fluid Mechanics and Its Applications},
   edition =   {4th},
   volume =    {},
}